@string{I = {Ind. Eng. Chem. Res.}}%
@string{F = {Fuel}}%
@string{EF = {Energy \& Fuels}} %
@string{CF = {Comb. \& Flame}}%
@string{EST = {Environ. Sci. Technol.}} %
@string{JAP = {J. Appl.Polym. Sci.}} %
@string{CJC = { Can. J. Chem. Eng.}} %
@string{JAA ={J. Anal. Appl. Pyrolysis.}} %
@string{JPS = {J. Polym. Sci. A}}%
@string{CST = {Combust. Sci. Tech.}} %
@string{C = {Carbon}}%
@string{Aiche = {AIChE J.}}%
@string{CES = {Chem. Eng. Sci.}}%
@string{JFM ={ J. Fluid. Mech.}}%


@BOOK{SN92,
 author={Schneider, P., Ehlers, J., Falco, E.E.},
 title={Gravitational Lenses},
 publisher={Springer},
 address={Berlin},
 year={1992},
 }
  
 @ARTICLE{BI15,
   author = {Birrer, S. and Amara, A. and Refregier, A.},
    title = "{Gravitational Lens Modeling with Basis Sets}",
  journal = ApJ,
     year = 2015,
   volume = 813,
    pages = {102},
}

@ARTICLE{HU14,
   author = {{Hurtado}, R. and {Casta{\~n}eda}, L. and {Tejeiro}, J.~M.},
    title = "{Gravitational Lensing by Spherical Lenses}",
  journal = {International Journal of Astronomy and Astrophysics},
archivePrefix = "arXiv",
   eprint = {1308.5271},
     year = 2014,
   volume = 4,
    pages = {340-352},
      doi = {10.4236/ijaa.2014.42028},
   adsurl = {http://adsabs.harvard.edu/abs/2014IJAA....4..340H},
  adsnote = {Provided by the SAO/NASA Astrophysics Data System}
}

@MASTERSTHESIS{CA10,
 author={Castañeda, Leonardo},
 title={Efecto de la constante cosmológica en la probabilidad de lentes gravitacionales},
 school={Universidad Nacional de Colombia},
 year={2002},
 }
 
 
 @ARTICLE{CAP16,
   author = {Cappellari, M.},
    title = "{Structure and Kinematics of Early-Type Galaxies from Integral Field Spectroscopy}",
  journal = {Annual Review of Astronomy and Astrophysics},
archivePrefix = "arXiv",
   eprint = {1602.04267},
     year = 2016,
    month = sep,
   volume = 54,
    pages = {597-665},
      doi = {10.1146/annurev-astro-082214-122432},
   adsurl = {http://adsabs.harvard.edu/abs/2016ARA%26A..54..597C},
  adsnote = {Provided by the SAO/NASA Astrophysics Data System}
}

@ARTICLE{2008MNRAS.390_71C,
   author = {Cappellari, M.},
    title = "{Measuring the inclination and mass-to-light ratio of axisymmetric galaxies via anisotropic Jeans models of stellar kinematics}",
  journal = {Monthly Notices of the Royal Astronomical Society},
archivePrefix = "arXiv",
   eprint = {0806.0042},
 keywords = {galaxies: elliptical and lenticular, cD , galaxies: evolution , galaxies: formation , galaxies: kinematics and dynamics , galaxies: structure},
     year = 2008,
    month = oct,
   volume = 390,
    pages = {71-86},
      doi = {10.1111/j.1365-2966.2008.13754.x},
   adsurl = {http://adsabs.harvard.edu/abs/2008MNRAS.390...71C},
  adsnote = {Provided by the SAO/NASA Astrophysics Data System}
}

@BOOK{Samurovic07,
 author={Samurovi\'c, S.},
 title={Dark matter in elliptical galaxies},
 publisher={Publ. Astron. Obs. Belgrade},
 year={2007},
 }
 
 @BOOK{BT08,
 author={Binney J. \& Tremaine S.},
 title={Galactic Dynamics},
 publisher={Princeton University Press},
 year={2008},
 }
 
 
@ARTICLE{Miyamoto75,
   author = {Miyamoto, M. and Nagai, R.},
    title = "{Three-dimensional models for the distribution of mass in galaxies}",
  journal = {PASJ},
 keywords = {Astronomical Models, Density Distribution, Galactic Structure, Mass Distribution, Potential Theory, Three Dimensional Models, Functions (Mathematics), Globular Clusters, Gravitational Effects, Mathematical Models, Milky Way Galaxy},
     year = 1975,
   volume = 27,
    pages = {533-543},
   adsurl = {http://adsabs.harvard.edu/abs/1975PASJ...27..533M},
  adsnote = {Provided by the SAO/NASA Astrophysics Data System}
}

@ARTICLE{S16,
   author = {{Sofue}, Y.},
    title = "{Rotation curve decomposition for size-mass relations of bulge, disk, and dark halo components in spiral galaxies}",
  journal = {PASJ},
archivePrefix = "arXiv",
   eprint = {1510.05752},
 keywords = {dark matter, galaxies: halos, galaxies: kinematics and dynamics, galaxies: spiral, galaxies: structure},
     year = 2016,
    month = feb,
   volume = 68,
      eid = {2},
    pages = {2},
      doi = {10.1093/pasj/psv103},
   adsurl = {http://adsabs.harvard.edu/abs/2016PASJ...68....2S},
  adsnote = {Provided by the SAO/NASA Astrophysics Data System}
}
@ARTICLE{Plummer11,
   author = {{Plummer}, H.~C.},
    title = "{On the problem of distribution in globular star clusters}",
  journal = {MNRAS},
     year = 1911,
    month = mar,
   volume = 71,
    pages = {460-470},
      doi = {10.1093/mnras/71.5.460},
   adsurl = {http://adsabs.harvard.edu/abs/1911MNRAS..71..460P},
  adsnote = {Provided by the SAO/NASA Astrophysics Data System}
}

@ARTICLE{C93,
   author = {{Cuddeford}, P.},
    title = "{On the potentials of galactic discs}",
  journal = {MNRAS},
 keywords = {Bessel Functions, Galactic Structure, Normal Density Functions, Stellar Motions, Celestial Mechanics, Poisson Equation, Potential Theory},
     year = 1993,
    month = jun,
   volume = 262,
    pages = {1076-1086},
      doi = {10.1093/mnras/262.4.1076},
   adsurl = {http://adsabs.harvard.edu/abs/1993MNRAS.262.1076C},
  adsnote = {Provided by the SAO/NASA Astrophysics Data System}
}

@ARTICLE{Freeman,
   author = {{Freeman}, K.~C.},
    title = "{On the Disks of Spiral and S0 Galaxies}",
  journal = {ApJ},
     year = 1970,
    month = jun,
   volume = 160,
    pages = {811},
      doi = {10.1086/150474},
   adsurl = {http://adsabs.harvard.edu/abs/1970ApJ...160..811F},
  adsnote = {Provided by the SAO/NASA Astrophysics Data System}
}

@ARTICLE{NFW,
   author = {{Navarro}, J.~F. and {Frenk}, C.~S. and {White}, S.~D.~M.},
    title = "{A Universal Density Profile from Hierarchical Clustering}",
  journal = {ApJ},
   eprint = {astro-ph/9611107},
 keywords = {Cosmology: Theory, Cosmology: Dark Matter, Galaxies: Halos, Methods: Numerical},
     year = 1997,
    month = dec,
   volume = 490,
    pages = {493-508},
      doi = {10.1086/304888},
   adsurl = {http://adsabs.harvard.edu/abs/1997ApJ...490..493N},
  adsnote = {Provided by the SAO/NASA Astrophysics Data System}
}

@ARTICLE{J03,
   author = {{Jimenez}, R. and {Verde}, L. and {Oh}, S.~P.},
    title = "{Dark halo properties from rotation curves}",
  journal = {MNRAS},
   eprint = {astro-ph/0201352},
 keywords = {galaxies: formation, galaxies: kinematics and dynamics, galaxies: spiral, cosmology: theory},
     year = 2003,
    month = feb,
   volume = 339,
    pages = {243-259},
      doi = {10.1046/j.1365-8711.2003.06165.x},
   adsurl = {http://adsabs.harvard.edu/abs/2003MNRAS.339..243J},
  adsnote = {Provided by the SAO/NASA Astrophysics Data System}
}


@ARTICLE{Slipher1914,
   author = {{Slipher}, V.~M.},
    title = "{The detection of nebular rotation}",
  journal = {Lowell Observatory Bulletin},
     year = 1914,
   volume = 2,
    pages = {66-66},
   adsurl = {http://adsabs.harvard.edu/abs/1914LowOB...2...66S},
  adsnote = {Provided by the SAO/NASA Astrophysics Data System}
}

@ARTICLE{Oort40,
   author = {{Oort}, J.~H.},
    title = "{Some Problems Concerning the Structure and Dynamics of the Galactic System and the Elliptical Nebulae NGC 3115 and 4494.}",
  journal = {ApJ},
     year = 1940,
    month = apr,
   volume = 91,
    pages = {273},
      doi = {10.1086/144167},
   adsurl = {http://adsabs.harvard.edu/abs/1940ApJ....91..273O},
  adsnote = {Provided by the SAO/NASA Astrophysics Data System}
}

@ARTICLE{Babcock1939,
   author = {{Babcock}, H.~W.},
    title = "{The rotation of the Andromeda Nebula}",
  journal = {Lick Observatory Bulletin},
 keywords = {ANDROMEDA GALAXY},
     year = 1939,
   volume = 19,
    pages = {41-51},
      doi = {10.5479/ADS/bib/1939LicOB.19.41B},
   adsurl = {http://adsabs.harvard.edu/abs/1939LicOB..19...41B},
  adsnote = {Provided by the SAO/NASA Astrophysics Data System}
}

@BOOK{Sanders,
   author = {{Sanders}, R.~H.},
    title = "{The Dark Matter Problem: A Historical Perspective}",
booktitle = {The Dark Matter Problem: A Historical Perspective by Robert H.~Sanders.~Cambridge University Press, 2010.~ISBN: 9780521113014},
     year = 2010,
    month = apr,
   adsurl = {http://adsabs.harvard.edu/abs/2010dmp..book.....S},
  adsnote = {Provided by the SAO/NASA Astrophysics Data System}
}

@ARTICLE{Z33,
   author = {{Zwicky}, F.},
    title = "{Die Rotverschiebung von extragalaktischen Nebeln}",
  journal = {Helvetica Physica Acta},
     year = 1933,
   volume = 6,
    pages = {110-127},
   adsurl = {http://adsabs.harvard.edu/abs/1933AcHPh...6..110Z},
  adsnote = {Provided by the SAO/NASA Astrophysics Data System}
}

@ARTICLE{Z37,
   author = {{Zwicky}, F.},
    title = "{On the Masses of Nebulae and of Clusters of Nebulae}",
  journal = {ApJ},
     year = 1937,
    month = oct,
   volume = 86,
    pages = {217},
      doi = {10.1086/143864},
   adsurl = {http://adsabs.harvard.edu/abs/1937ApJ....86..217Z},
  adsnote = {Provided by the SAO/NASA Astrophysics Data System}
}

@ARTICLE{R70,
   author = {{Rubin}, V.~C. and {Ford}, Jr., W.~K.},
    title = "{Rotation of the Andromeda Nebula from a Spectroscopic Survey of Emission Regions}",
  journal = {ApJ},
     year = 1970,
    month = feb,
   volume = 159,
    pages = {379},
      doi = {10.1086/150317},
   adsurl = {http://adsabs.harvard.edu/abs/1970ApJ...159..379R},
  adsnote = {Provided by the SAO/NASA Astrophysics Data System}
}

@ARTICLE{S01,
   author = {{Sofue}, Y. and {Rubin}, V.},
    title = "{Rotation Curves of Spiral Galaxies}",
  journal = {ARAA},
   eprint = {astro-ph/0010594},
     year = 2001,
   volume = 39,
    pages = {137-174},
      doi = {10.1146/annurev.astro.39.1.137},
   adsurl = {http://adsabs.harvard.edu/abs/2001ARA%26A..39..137S},
  adsnote = {Provided by the SAO/NASA Astrophysics Data System}
}

@ARTICLE{P96,
   author = {{Persic}, M. and {Salucci}, P. and {Stel}, F.},
    title = "{The universal rotation curve of spiral galaxies - I. The dark matter connection}",
  journal = {MNRAS},
   eprint = {astro-ph/9506004},
 keywords = {GALAXIES: KINEMATICS AND DYNAMICS, GALAXIES: SPIRAL, GALAXIES: STRUCTURE, DARK MATTER},
     year = 1996,
    month = jul,
   volume = 281,
    pages = {27-47},
      doi = {10.1093/mnras/281.1.27},
   adsurl = {http://adsabs.harvard.edu/abs/1996MNRAS.281...27P},
  adsnote = {Provided by the SAO/NASA Astrophysics Data System}
}

@ARTICLE{N07,
   author = {{Noordermeer}, E. and {van der Hulst}, J.~M. and {Sancisi}, R. and 
	{Swaters}, R.~S. and {van Albada}, T.~S.},
    title = "{The mass distribution in early-type disc galaxies: declining rotation curves and correlations with optical properties}",
  journal = {MNRAS},
   eprint = {astro-ph/0701731},
 keywords = {galaxies: elliptical and lenticular, cD, galaxies: fundamental parameters, galaxies: haloes, galaxies: kinematics and dynamics, galaxies: spiral, galaxies: structure},
     year = 2007,
    month = apr,
   volume = 376,
    pages = {1513-1546},
      doi = {10.1111/j.1365-2966.2007.11533.x},
   adsurl = {http://adsabs.harvard.edu/abs/2007MNRAS.376.1513N},
  adsnote = {Provided by the SAO/NASA Astrophysics Data System}
}

@ARTICLE{Burkert95,
   author = {{Burkert}, A.},
    title = "{The Structure of Dark Matter Halos in Dwarf Galaxies}",
  journal = {ApJL},
   eprint = {astro-ph/9504041},
 keywords = {COSMOLOGY: DARK MATTER, GALAXIES: SPIRAL, GALAXIES: STRUCTURE},
     year = 1995,
    month = jul,
   volume = 447,
    pages = {L25-L28},
      doi = {10.1086/309560},
   adsurl = {http://adsabs.harvard.edu/abs/1995ApJ...447L..25B},
  adsnote = {Provided by the SAO/NASA Astrophysics Data System}
}

@ARTICLE{L17,
   author = {{L{\'o}pez Fune}, E. and {Salucci}, P. and {Corbelli}, E.},
    title = "{Radial dependence of the dark matter distribution in M33}",
  journal = {MNRAS},
archivePrefix = "arXiv",
   eprint = {1611.01409},
 keywords = {galaxies: individual: M33, galaxies: ISM, galaxies: kinematics and dynamics, dark matter},
     year = 2017,
    month = jun,
   volume = 468,
    pages = {147-153},
      doi = {10.1093/mnras/stx429},
   adsurl = {http://adsabs.harvard.edu/abs/2017MNRAS.468..147L},
  adsnote = {Provided by the SAO/NASA Astrophysics Data System}
}

@ARTICLE{S00,
   author = {{Salucci}, P. and {Burkert}, A.},
    title = "{Dark Matter Scaling Relations}",
  journal = {ApJL},
   eprint = {astro-ph/0004397},
 keywords = {Cosmology: Dark Matter, Galaxies: Kinematics and Dynamics, Galaxies: Spiral},
     year = 2000,
    month = jul,
   volume = 537,
    pages = {L9-L12},
      doi = {10.1086/312747},
   adsurl = {http://adsabs.harvard.edu/abs/2000ApJ...537L...9S},
  adsnote = {Provided by the SAO/NASA Astrophysics Data System}
}

@ARTICLE{B15,
   author = {{Bovy}, J.},
    title = "{galpy: A python Library for Galactic Dynamics}",
  journal = {ApJS},
archivePrefix = "arXiv",
   eprint = {1412.3451},
 keywords = {galaxies: general, galaxies: kinematics and dynamics, Galaxy: fundamental parameters },
     year = 2015,
    month = feb,
   volume = 216,
      eid = {29},
    pages = {29},
      doi = {10.1088/0067-0049/216/2/29},
   adsurl = {http://adsabs.harvard.edu/abs/2015ApJS..216...29B},
  adsnote = {Provided by the SAO/NASA Astrophysics Data System}
}

@ARTICLE{C14,
   author = {{Corbelli}, E. and {Thilker}, D. and {Zibetti}, S. and {Giovanardi}, C. and 
	{Salucci}, P.},
    title = "{Dynamical signatures of a {$\Lambda$}CDM-halo and the distribution of the baryons in M 33}",
  journal = {AAp},
archivePrefix = "arXiv",
   eprint = {1409.2665},
 keywords = {galaxies: groups: individual: M 33, Galaxy: kinematics and dynamics, galaxies: stellar content, dark matter, radio lines: galaxies},
     year = 2014,
    month = dec,
   volume = 572,
      eid = {A23},
    pages = {A23},
      doi = {10.1051/0004-6361/201424033},
   adsurl = {http://adsabs.harvard.edu/abs/2014A%26A...572A..23C},
  adsnote = {Provided by the SAO/NASA Astrophysics Data System}
}

@ARTICLE{2017arXiv170501665G,
   author = {{Granados}, A. and {Casta{\~n}eda}, L. and {Henao-O.}, Lady, -. and 
	{Vanegas}, S.},
    title = "{GalRotpy: an educational tool to understand and parametrize the rotation curve and gravitational potential of disk-like galaxies}",
  journal = {ArXiv e-prints},
archivePrefix = "arXiv",
   eprint = {1705.01665},
 keywords = {Astrophysics - Astrophysics of Galaxies},
     year = 2017,
    month = may,
   adsurl = {http://adsabs.harvard.edu/abs/2017arXiv170501665G},
  adsnote = {Provided by the SAO/NASA Astrophysics Data System}
}

@ARTICLE{C02,
   author = {{Cappellari}, M.},
    title = "{Efficient multi-Gaussian expansion of galaxies}",
  journal = {MNRAS},
   eprint = {astro-ph/0201430},
 keywords = {stellar dynamics, techniques: image processing, galaxies: kinematics and dynamics, galaxies: photometry, galaxies: structure},
     year = 2002,
    month = jun,
   volume = 333,
    pages = {400-410},
      doi = {10.1046/j.1365-8711.2002.05412.x},
   adsurl = {http://adsabs.harvard.edu/abs/2002MNRAS.333..400C},
  adsnote = {Provided by the SAO/NASA Astrophysics Data System}
}

@ARTICLE{TR16,
   author = {{Trick}, W.~H. and {van de Ven}, G. and {Dutton}, A.~A.},
    title = "{A spiral galaxy's mass distribution uncovered through lensing and dynamics}",
  journal = {MNRAS},
archivePrefix = "arXiv",
   eprint = {1609.05477},
 keywords = {gravitational lensing: strong, stars: kinematics and dynamics, galaxies: kinematics and dynamics, galaxies: photometry, galaxies: structure},
     year = 2016,
    month = dec,
   volume = 463,
    pages = {3151-3168},
      doi = {10.1093/mnras/stw2142},
   adsurl = {http://adsabs.harvard.edu/abs/2016MNRAS.463.3151T},
  adsnote = {Provided by the SAO/NASA Astrophysics Data System}
}

@ARTICLE{EV03,
   author = {{Evans}, N.~W. and {Witt}, H.~J.},
    title = "{Fitting gravitational lenses: truth or delusion}",
  journal = {MNRAS},
   eprint = {astro-ph/0212013},
 keywords = {gravitational lensing, galaxies: elliptical and lenticular, cD, galaxies: structure, dark matter},
     year = 2003,
    month = nov,
   volume = 345,
    pages = {1351-1364},
      doi = {10.1046/j.1365-2966.2003.07057.x},
   adsurl = {http://adsabs.harvard.edu/abs/2003MNRAS.345.1351E},
  adsnote = {Provided by the SAO/NASA Astrophysics Data System}
}

@BOOK{2008gafo.book.....L,
   author = {{Longair}, M.~S.},
    title = "{Galaxy Formation}",
booktitle = {Galaxy Formation, by Malcolm S.~Longair Berlin: Springer, 2008.~ ISBN 978-3-540-73477-2},
     year = 2008,
   adsurl = {http://adsabs.harvard.edu/abs/2008gafo.book.....L},
  adsnote = {Provided by the SAO/NASA Astrophysics Data System}
}

@ARTICLE{2006MNRAS.366..787K,
   author = {{Krajnovi{\'c}}, D. and {Cappellari}, M. and {de Zeeuw}, P.~T. and 
	{Copin}, Y.},
    title = "{Kinemetry: a generalization of photometry to the higher moments of the line-of-sight velocity distribution}",
  journal = {MNRAS},
   eprint = {astro-ph/0512200},
 keywords = {methods: data analysis, techniques: photometric, techniques: spectroscopic, galaxies: kinematics and dynamics, galaxies: photometry},
     year = 2006,
    month = mar,
   volume = 366,
    pages = {787-802},
      doi = {10.1111/j.1365-2966.2005.09902.x},
   adsurl = {http://adsabs.harvard.edu/abs/2006MNRAS.366..787K},
  adsnote = {Provided by the SAO/NASA Astrophysics Data System}
}
 
 
